@incollection{gennaro2010non,
  title={Non-interactive verifiable computing: Outsourcing computation to untrusted workers},
  author={Gennaro, Rosario and Gentry, Craig and Parno, Bryan},
  booktitle={CRYPTO},
  pages={465--482},
  year={2010},
  publisher={Springer-Verlag},
}


@article{leroy,
  title={Formal verification of a realistic compiler},
  author={Leroy, Xavier},
  journal={Communications of the ACM},
  volume={52},
  number={7},
  pages={107--115},
  year={2009},
  publisher={ACM}
}                  


